<?xml version="1.0" encoding="UTF-8"?><record xmlns="http://www.loc.gov/MARC21/slim" xmlns:cinclude="http://apache.org/cocoon/include/1.0" xmlns:zs="http://www.loc.gov/zing/srw/">
  <leader>00698nz  a2200205n  4500</leader>
  <controlfield tag="001">no2007138861</controlfield>
  <controlfield tag="003">DLC</controlfield>
  <controlfield tag="005">20071116075144.0</controlfield>
  <controlfield tag="008">071114n| acaaaaaan          |a ana     c</controlfield>
  <datafield tag="010" ind1=" " ind2=" ">
    <subfield code="a">no2007138861</subfield>
  </datafield>
  <datafield tag="035" ind1=" " ind2=" ">
    <subfield code="a">(OCoLC)oca07580864</subfield>
  </datafield>
  <datafield tag="040" ind1=" " ind2=" ">
    <subfield code="a">NcD</subfield>
    <subfield code="b">eng</subfield>
    <subfield code="c">NcD</subfield>
  </datafield>
  <datafield tag="130" ind1=" " ind2="0">
    <subfield code="a">Biblioteca storica sorrentina</subfield>
  </datafield>
  <datafield tag="410" ind1="2" ind2=" ">
    <subfield code="a">Associazione studi storici sorrentini.</subfield>
    <subfield code="t">Biblioteca storica sorrentina</subfield>
  </datafield>
  <datafield tag="642" ind1=" " ind2=" ">
    <subfield code="a">2</subfield>
    <subfield code="5">DPCC</subfield>
    <subfield code="5">NcD</subfield>
  </datafield>
  <datafield tag="643" ind1=" " ind2=" ">
    <subfield code="a">Castellammare di Stabia [Italy]</subfield>
    <subfield code="b">N. Longobardi</subfield>
  </datafield>
  <datafield tag="644" ind1=" " ind2=" ">
    <subfield code="a">f</subfield>
    <subfield code="5">NcD</subfield>
  </datafield>
  <datafield tag="645" ind1=" " ind2=" ">
    <subfield code="a">t</subfield>
    <subfield code="5">DPCC</subfield>
    <subfield code="5">NcD</subfield>
  </datafield>
  <datafield tag="646" ind1=" " ind2=" ">
    <subfield code="a">s</subfield>
    <subfield code="5">NcD</subfield>
  </datafield>
  <datafield tag="670" ind1=" " ind2=" ">
    <subfield code="a">Quintilla, ossia Napoli e Sorrento nel secolo XVI, 2005:</subfield>
    <subfield code="b">ser. t.p. (Biblioteca storica sorrentina / Associazione studi storici sorrentini)</subfield>
  </datafield>
</record>